<record><leader>00000cas a2200000 a 4500</leader><controlfield tag="001">12005262</controlfield><controlfield tag="008">850507d18701910iluwr ne      0   a0eng c</controlfield><datafield ind1=" " ind2=" " tag="010"><subfield code="a">sn 85033499 </subfield></datafield><datafield ind1=" " ind2=" " tag="040"><subfield code="a">NPU</subfield><subfield code="b">eng</subfield><subfield code="c">NPU</subfield><subfield code="d">NPV</subfield><subfield code="d">MGN</subfield><subfield code="d">NVF</subfield><subfield code="d">NVK</subfield><subfield code="d">CVF</subfield><subfield code="d">MHN</subfield><subfield code="d">ATL</subfield><subfield code="d">OCLCQ</subfield><subfield code="d">KRTAS</subfield><subfield code="d">CGU</subfield><subfield code="d">NVF</subfield><subfield code="d">CUI</subfield><subfield code="d">NVF</subfield><subfield code="d">CRL</subfield><subfield code="d">DLC</subfield><subfield code="d">OCLCF</subfield><subfield code="d">NVF</subfield><subfield code="d">OCLCO</subfield><subfield code="d">OCL</subfield><subfield code="d">HMM</subfield><subfield code="d">DLC</subfield></datafield><datafield ind1=" " ind2=" " tag="019"><subfield code="a">10311624</subfield></datafield><datafield ind1="0" ind2=" " tag="022"><subfield code="a">2575-2340</subfield><subfield code="2">1</subfield></datafield><datafield ind1=" " ind2=" " tag="042"><subfield code="a">pcc</subfield><subfield code="a">nsdp</subfield></datafield><datafield ind1=" " ind2=" " tag="043"><subfield code="a">n-us---</subfield><subfield code="a">n-us-il</subfield></datafield><datafield ind1="1" ind2="0" tag="050"><subfield code="a">ISSN RECORD</subfield></datafield><datafield ind1=" " ind2="4" tag="050"><subfield code="a">BX8901</subfield></datafield><datafield ind1="0" ind2=" " tag="130"><subfield code="a">Interior (Chicago, Ill.)</subfield></datafield><datafield ind1=" " ind2="4" tag="222"><subfield code="a">The interior</subfield><subfield code="b">(Chicago, Ill.)</subfield></datafield><datafield ind1="1" ind2="4" tag="245"><subfield code="a">The interior.</subfield></datafield><datafield ind1=" " ind2=" " tag="260"><subfield code="a">Chicago [Ill.] :</subfield><subfield code="b">Western Presbyterian Pub. Co.,</subfield><subfield code="c">1870-1910.</subfield></datafield><datafield ind1="3" ind2=" " tag="260"><subfield code="3">&lt;Aug. 28-Oct. 30, 1879&gt;</subfield><subfield code="a">Chicago [Ill.] :</subfield><subfield code="b">Cyrus H. McCormick</subfield></datafield><datafield ind1=" " ind2=" " tag="300"><subfield code="a">41 v. :</subfield><subfield code="b">ill. ;</subfield><subfield code="c">33 x 61 cm.</subfield></datafield><datafield ind1=" " ind2=" " tag="310"><subfield code="a">Weekly</subfield></datafield><datafield ind1="0" ind2=" " tag="362"><subfield code="a">Vol. 1, no. 1 (Mar. 17, 1870)-v. 41, no. 2105 (Sept. 29, 1910).</subfield></datafield><datafield ind1=" " ind2=" " tag="500"><subfield code="a">Masthead states "Chicago and St. Louis," May 22, 1873-Aug. 1, 1878.</subfield></datafield><datafield ind1=" " ind2=" " tag="525"><subfield code="a">Issues for Jan 12, 1888-Jan. 1889 include monthly "Magazine supplement."</subfield></datafield><datafield ind1=" " ind2=" " tag="530"><subfield code="a">Available on microfilm;</subfield><subfield code="b">Illinois Historical Society.</subfield></datafield><datafield ind1=" " ind2=" " tag="530"><subfield code="a">Available on microfilm;</subfield><subfield code="b">American Theological Library Association.</subfield></datafield><datafield ind1=" " ind2=" " tag="530"><subfield code="a">Also available via the World Wide Web.</subfield></datafield><datafield ind1=" " ind2=" " tag="580"><subfield code="a">The Interior was issued also in a "Christian hour ed." called: The Interior &amp; Christian hour, Jan.-&lt;June&gt;, 1888.</subfield></datafield><datafield ind1=" " ind2=" " tag="580"><subfield code="a">Merged with: Westminster (Philadelphia, Pa.), to form: Continent (Chicago, Ill.).</subfield></datafield><datafield ind1=" " ind2="0" tag="650"><subfield code="a">Presbyterians</subfield><subfield code="z">Illinois</subfield><subfield code="z">Chicago</subfield><subfield code="v">Newspapers.</subfield></datafield><datafield ind1=" " ind2="0" tag="650"><subfield code="a">Presbyterians</subfield><subfield code="z">Missouri</subfield><subfield code="z">Saint Louis</subfield><subfield code="v">Newspapers.</subfield></datafield><datafield ind1=" " ind2="0" tag="650"><subfield code="a">Presbyterian Church</subfield><subfield code="z">Illinois</subfield><subfield code="z">Chicago</subfield><subfield code="v">Newspapers.</subfield></datafield><datafield ind1=" " ind2="0" tag="650"><subfield code="a">Presbyterian Church</subfield><subfield code="z">Missouri</subfield><subfield code="z">Saint Louis</subfield><subfield code="v">Newspapers.</subfield></datafield><datafield ind1=" " ind2="0" tag="651"><subfield code="a">Chicago (Ill.)</subfield><subfield code="x">Religion</subfield><subfield code="v">Newspapers.</subfield></datafield><datafield ind1=" " ind2="0" tag="651"><subfield code="a">Saint Louis (Mo.)</subfield><subfield code="x">Religion</subfield><subfield code="v">Newspapers.</subfield></datafield><datafield ind1=" " ind2="0" tag="651"><subfield code="a">Cook County (Ill.)</subfield><subfield code="x">Religion</subfield><subfield code="v">Newspapers.</subfield></datafield><datafield ind1=" " ind2="7" tag="650"><subfield code="a">Presbyterian Church.</subfield><subfield code="2">fast</subfield><subfield code="0">(OCoLC)fst01075515</subfield></datafield><datafield ind1=" " ind2="7" tag="650"><subfield code="a">Presbyterians.</subfield><subfield code="2">fast</subfield><subfield code="0">(OCoLC)fst01075567</subfield></datafield><datafield ind1=" " ind2="7" tag="651"><subfield code="a">Illinois</subfield><subfield code="z">Chicago.</subfield><subfield code="2">fast</subfield><subfield code="0">(OCoLC)fst01204048</subfield></datafield><datafield ind1=" " ind2="7" tag="651"><subfield code="a">Illinois</subfield><subfield code="z">Cook County.</subfield><subfield code="2">fast</subfield><subfield code="0">(OCoLC)fst01205334</subfield></datafield><datafield ind1=" " ind2="7" tag="651"><subfield code="a">Missouri</subfield><subfield code="z">Saint Louis.</subfield><subfield code="2">fast</subfield><subfield code="0">(OCoLC)fst01204930</subfield></datafield><datafield ind1=" " ind2="7" tag="650"><subfield code="a">Religion.</subfield><subfield code="2">fast</subfield><subfield code="0">(OCoLC)fst01093763</subfield></datafield><datafield ind1=" " ind2="7" tag="655"><subfield code="a">Newspapers.</subfield><subfield code="2">fast</subfield><subfield code="0">(OCoLC)fst01423814</subfield></datafield><datafield ind1=" " ind2=" " tag="752"><subfield code="a">United States</subfield><subfield code="b">Illinois</subfield><subfield code="c">Cook</subfield><subfield code="d">Chicago.</subfield></datafield><datafield ind1="1" ind2=" " tag="775"><subfield code="t">Interior &amp; Christian hour</subfield><subfield code="g">Jan.-&lt;June&gt;, 1888</subfield><subfield code="w">(DLC)  2014271520</subfield><subfield code="w">(OCoLC)8624519</subfield></datafield><datafield ind1="0" ind2="8" tag="776"><subfield code="i">Microfilm version:</subfield><subfield code="t">Interior (Chicago, Ill.)</subfield><subfield code="w">(DLC)  2014271519</subfield><subfield code="w">(OCoLC)558894065</subfield></datafield><datafield ind1="0" ind2="8" tag="776"><subfield code="i">Microfilm version:</subfield><subfield code="t">Interior (Chicago, Ill.)</subfield><subfield code="w">(DLC)   00221512</subfield><subfield code="w">(OCoLC)8624449</subfield></datafield><datafield ind1="0" ind2="8" tag="776"><subfield code="i">Online version:</subfield><subfield code="t">Interior (Chicago, Ill.)</subfield><subfield code="w">(DLC)  2011225177</subfield><subfield code="w">(OCoLC)676316060</subfield></datafield><datafield ind1="0" ind2="0" tag="780"><subfield code="t">Western Presbyterian (Danville, Ky.)</subfield><subfield code="w">(DLC)sn 92056719</subfield><subfield code="w">(OCoLC)25703633</subfield></datafield><datafield ind1="0" ind2="5" tag="780"><subfield code="t">Christian hour</subfield><subfield code="g">Jan. 1888</subfield><subfield code="w">(OCoLC)11036446</subfield></datafield><datafield ind1="0" ind2="5" tag="780"><subfield code="t">Western Presbyterian</subfield><subfield code="g">1902</subfield><subfield code="w">(OCoLC)1644856</subfield></datafield><datafield ind1="1" ind2="7" tag="785"><subfield code="t">Westminster (Philadelphia, Pa.)</subfield><subfield code="w">(OCoLC)8625661</subfield></datafield><datafield ind1="1" ind2="7" tag="785"><subfield code="t">Continent (Chicago, Ill.)</subfield><subfield code="x">2169-7353</subfield><subfield code="w">(DLC)   00221513</subfield><subfield code="w">(OCoLC)2446182</subfield></datafield><datafield ind1=" " ind2=" " tag="938"><subfield code="a">Kirtas Technologies, Inc.</subfield><subfield code="b">KRTS</subfield><subfield code="n">846287</subfield></datafield><datafield ind1="1" ind2=" " tag="029"><subfield code="a">AU@</subfield><subfield code="b">000020379104</subfield></datafield></record>